@article{sturman2000,
  title={Implications of utility analysis adjustments for estimates of human resource intervention value},
  author={Sturman, Michael C.},
  journal={Journal of Management},
  volume={26},
  number={2},
  pages={281--299},
  year={2000},
  doi={10.1177/014920630002600206}
}

@article{boudreau1983,
  title={Economic considerations in estimating the utility of human resource productivity improvement programs},
  author={Boudreau, John W.},
  journal={Personnel Psychology},
  volume={36},
  number={3},
  pages={551--576},
  year={1983},
  doi={10.1111/j.1744-6570.1983.tb02236.x}
}

@article{darlington1968,
  title={Multiple regression in psychological research and practice},
  author={Darlington, Richard B.},
  journal={Psychological Bulletin},
  volume={69},
  number={3},
  pages={161--182},
  year={1968},
  doi={10.1037/h0025471}
}

@article{sturman2003,
  title={Is it worth it to win the talent war? Evaluating the utility of performance-based pay},
  author={Sturman, Michael C. and Trevor, Charlie O. and Boudreau, John W. and Gerhart, Barry},
  journal={Personnel Psychology},
  volume={56},
  number={4},
  pages={997--1035},
  year={2003},
  doi={10.1111/j.1744-6570.2003.tb00147.x}
}

@article{boudreau1985,
  title={Decision-theoretic utility analysis applied to employee separations and acquisitions},
  author={Boudreau, John W. and Berger, Chris J.},
  journal={Journal of Applied Psychology},
  volume={70},
  number={4},
  pages={581--612},
  year={1985},
  doi={10.1037/0021-9010.70.4.581}
}

@article{trevor1997,
  title={Voluntary turnover and job performance: Curvilinearity and the moderating influences of salary growth and promotions},
  author={Trevor, Charlie O. and Gerhart, Barry and Boudreau, John W.},
  journal={Journal of Applied Psychology},
  volume={82},
  number={1},
  pages={44--61},
  year={1997},
  doi={10.1037/0021-9010.82.1.44}
}

@article{schmidt1983,
  title={Individual differences in productivity: An empirical test of estimates derived from studies of selection procedure utility},
  author={Schmidt, Frank L. and Hunter, John E.},
  journal={Journal of Applied Psychology},
  volume={68},
  number={3},
  pages={407--414},
  year={1983},
  doi={10.1037/0021-9010.68.3.407}
}

@article{sturman2001,
  title={The implications of linking the dynamic performance and employee turnover literatures},
  author={Sturman, Michael C. and Trevor, Charlie O.},
  journal={Journal of Applied Psychology},
  volume={86},
  number={4},
  pages={684--696},
  year={2001},
  doi={10.1037/0021-9010.86.4.684}
}
