@article{ock2018comparing,
  title={Comparing compensatory and multiple hurdle selection models},
  author={Ock, Jisoo and Oswald, Frederick L},
  journal={Personnel Psychology},
  volume={71},
  number={4},
  pages={561--580},
  year={2018},
  publisher={Wiley Online Library}
}

@article{schmidt1977development,
  title={Development of a general solution to the problem of validity generalization},
  author={Schmidt, Frank L and Hunter, John E},
  journal={Journal of Applied Psychology},
  volume={62},
  number={5},
  pages={529},
  year={1977},
  publisher={American Psychological Association}
}

@article{brogden1949equation,
  title={Equation for evaluating criterion efficiency},
  author={Brogden, Hubert E},
  journal={Educational and Psychological Measurement},
  volume={9},
  number={3},
  pages={207--216},
  year={1949},
  publisher={Sage Publications Sage CA: Los Angeles, CA}
}

@article{cronbach1965evaluation,
  title={Evaluation of selection procedures in two situations},
  author={Cronbach, Lee J and Gleser, Goldine C},
  journal={Educational and Psychological Measurement},
  volume={25},
  number={3},
  pages={625--635},
  year={1965},
  publisher={Sage Publications Sage CA: Los Angeles, CA}
}

@article{schmidt1983individual,
  title={Individual differences in productivity: An empirical test of estimates derived from studies of selection procedure utility},
  author={Schmidt, Frank L and Hunter, John E},
  journal={Journal of Applied Psychology},
  volume={68},
  number={3},
  pages={407},
  year={1983},
  publisher={American Psychological Association}
}

@article{sturman2000implications,
  title={Implications of utility analysis adjustments for estimates of human resource intervention value},
  author={Sturman, Michael C},
  journal={Journal of Management},
  volume={26},
  number={2},
  pages={281--299},
  year={2000},
  publisher={Sage Publications Sage CA: Los Angeles, CA}
}

@article{joo2022hrm,
  title={The HRM financial value of obtaining more stars},
  author={Joo, Hyunseok and Aguinis, Herman and Bradley, Kyle J},
  journal={Personnel Psychology},
  volume={75},
  number={1},
  pages={3--32},
  year={2022},
  publisher={Wiley Online Library}
} 