@article{latham1994futility,
  title={The futility of utility analysis},
  author={Latham, Gary P. and Whyte, Glen},
  journal={Personnel Psychology},
  volume={47},
  number={1},
  pages={31--46},
  year={1994},
  doi={10.1111/j.1744-6570.1994.tb02408.x}
}

@article{whyte1997futility,
  title={The futility of utility analysis revisited: When even an expert fails},
  author={Whyte, Glen and Latham, Gary P.},
  journal={Personnel Psychology},
  volume={50},
  number={3},
  pages={601--610},
  year={1997},
  doi={10.1111/j.1744-6570.1997.tb00705.x}
}

@article{sturman2000implications,
  title={Implications of utility analysis adjustments for estimates of human resource intervention value},
  author={Sturman, Michael C.},
  journal={Journal of Management},
  volume={26},
  number={2},
  pages={281--299},
  year={2000},
  doi={10.1177/014920630002600206}
}

@article{joo2022hrm,
  title={HR's financial value from obtaining more star performers},
  author={Joo, Harry and Aguinis, Herman and Lee, Jisoo and Kremer, Heiko and Villamor, Isabel},
  journal={The International Journal of Human Resource Management},
  volume={33},
  number={21},
  pages={4179--4214},
  year={2022},
  doi={10.1080/09585192.2021.1948890}
}

@article{sturman2023getting,
  title={Getting more from stars: A commentary on Joo, Aguinis, and Bradley (2022)},
  author={Sturman, Michael C. and C{\^o}t{\'e}, St{\'e}phane and Mangum, Timothy W.},
  journal={The International Journal of Human Resource Management},
  volume={34},
  number={14},
  pages={2747--2760},
  year={2023},
  doi={10.1080/09585192.2022.2064432}
}

@article{burke1986comparison,
  title={A comparison of economic utility estimates for alternative {SDy} estimation procedures},
  author={Burke, Michael J. and Frederick, James T.},
  journal={Journal of Applied Psychology},
  volume={71},
  number={2},
  pages={334--339},
  year={1986},
  doi={10.1037/0021-9010.71.2.334}
}

@article{brogden1949when,
  title={When testing pays off},
  author={Brogden, Hubert E.},
  journal={Personnel Psychology},
  volume={2},
  number={2},
  pages={171--185},
  year={1949},
  doi={10.1111/j.1744-6570.1949.tb01397.x}
}

@book{cronbach1965psychological,
  title={Psychological tests and personnel decisions},
  author={Cronbach, Lee J. and Gleser, Goldine C.},
  year={1965},
  publisher={University of Illinois Press}
}

@article{boudreau1983economic,
  title={Economic considerations in estimating the utility of human resource productivity improvement programs},
  author={Boudreau, John W.},
  journal={Personnel Psychology},
  volume={36},
  number={3},
  pages={551--576},
  year={1983},
  doi={10.1111/j.1744-6570.1983.tb02235.x}
}

@incollection{boudreau1991utility,
  title={Utility analysis for decisions in human resource management},
  author={Boudreau, John W.},
  booktitle={Handbook of industrial and organizational psychology},
  volume={2},
  pages={621--745},
  year={1991},
  publisher={Consulting Psychologists Press},
  editor={Dunnette, Marvin D. and Hough, Leaetta M.}
}

@article{schmidt1979impact,
  title={Impact of valid selection procedures on work-force productivity},
  author={Schmidt, Frank L. and Hunter, John E. and McKenzie, Robert C. and Muldrow, Tressie W.},
  journal={Journal of Applied Psychology},
  volume={64},
  number={6},
  pages={609--626},
  year={1979},
  doi={10.1037/0021-9010.64.6.609}
}

@article{oboyle2012best,
  title={The best and the rest: Revisiting the norm of normality of individual performance},
  author={O'Boyle, Ernest and Aguinis, Herman},
  journal={Personnel Psychology},
  volume={65},
  number={1},
  pages={79--119},
  year={2012},
  doi={10.1111/j.1744-6570.2011.01239.x}
}

@article{boudreau1985decision,
  title={Decision-theoretic utility analysis applied to employee separations and acquisitions},
  author={Boudreau, John W. and Berger, Chris J.},
  journal={Journal of Applied Psychology},
  volume={70},
  number={4},
  pages={581--612},
  year={1985},
  doi={10.1037/0021-9010.70.4.581}
}

@article{schmidt1983individual,
  title={Individual differences in productivity: An empirical test of estimates derived from studies of selection procedure utility},
  author={Schmidt, Frank L. and Hunter, John E.},
  journal={Journal of Applied Psychology},
  volume={68},
  number={3},
  pages={407--414},
  year={1983},
  doi={10.1037/0021-9010.68.3.407}
} 