@article{lee_steel_2017,
  title={The potential for selection: A comprehensive utility analysis},
  author={Lee, C. and Steel, P.},
  journal={Journal of Applied Psychology},
  volume={102},
  number={3},
  pages={427--441},
  year={2017},
  publisher={American Psychological Association}
}

@article{brogden_1949,
  title={When testing pays off},
  author={Brogden, H. E.},
  journal={Personnel Psychology},
  volume={2},
  number={2},
  pages={171--183},
  year={1949},
  publisher={Wiley}
}

@book{cronbach_gleser_1965,
  title={Psychological tests and personnel decisions},
  author={Cronbach, L. J. and Gleser, G. C.},
  edition={2nd},
  year={1965},
  publisher={University of Illinois Press},
  address={Urbana}
}

@article{schmidt_hunter_1983,
  title={Individual differences in productivity: An empirical test of estimates derived from studies of selection procedure utility},
  author={Schmidt, F. L. and Hunter, J. E.},
  journal={Journal of Applied Psychology},
  volume={68},
  number={3},
  pages={407--414},
  year={1983},
  publisher={American Psychological Association}
}

@article{naylor_shine_1965,
  title={A table for determining the increase in mean criterion score obtained by using a selection device},
  author={Naylor, J. C. and Shine, L. C.},
  journal={Journal of Industrial Psychology},
  volume={3},
  number={1},
  pages={33--42},
  year={1965}
}

@article{boudreau_berger_1985,
  title={Decision-theoretic utility analysis applied to employee separations and acquisitions},
  author={Boudreau, J. W. and Berger, C. J.},
  journal={Journal of Applied Psychology},
  volume={70},
  number={4},
  pages={581--612},
  year={1985},
  publisher={American Psychological Association}
}

@article{sturman_2000,
  title={Implications of utility analysis adjustments for estimates of human resource intervention value},
  author={Sturman, M. C.},
  journal={Journal of Management},
  volume={26},
  number={2},
  pages={281--299},
  year={2000},
  publisher={Sage Publications}
}

@article{sturman_et_al_2003,
  title={Is it worth it to win the talent war? Evaluating the utility of performance-based pay},
  author={Sturman, M. C. and Trevor, C. O. and Boudreau, J. W. and Gerhart, B.},
  journal={Personnel Psychology},
  volume={56},
  number={4},
  pages={997--1035},
  year={2003},
  publisher={Wiley}
}

@article{seijts_et_al_2020,
  title={Utility analysis of character assessment in employee placement},
  author={Seijts, G. and Espinoza, J. A. and Carswell, J.},
  journal={Leadership \& Organization Development Journal},
  volume={41},
  number={5},
  pages={703--720},
  year={2020},
  publisher={Emerald Publishing}
}

@article{darlington_1968,
  title={Multiple regression in psychological research and practice},
  author={Darlington, R. B.},
  journal={Psychological Bulletin},
  volume={69},
  number={3},
  pages={161--182},
  year={1968},
  publisher={American Psychological Association}
}

@article{trevor_et_al_1997,
  title={Voluntary turnover and job performance: Curvilinearity and the moderating influences of salary growth and promotions},
  author={Trevor, C. O. and Gerhart, B. and Boudreau, J. W.},
  journal={Journal of Applied Psychology},
  volume={82},
  number={1},
  pages={44--61},
  year={1997},
  publisher={American Psychological Association}
}

@article{berry_et_al_2024,
  title={Pareto optimization with updated meta-analytic validity estimates},
  author={Berry, C. M. and Sackett, P. R. and Wiemann, S.},
  journal={Personnel Psychology},
  volume={77},
  number={1},
  pages={1--25},
  year={2024},
  publisher={Wiley}
}

@article{ock_oswald_2018,
  title={Comparing compensatory and multiple hurdle selection models},
  author={Ock, J. and Oswald, F. L.},
  journal={International Journal of Selection and Assessment},
  volume={26},
  number={1},
  pages={1--15},
  year={2018},
  publisher={Wiley}
}

@article{de_corte_1994,
  title={Utility analysis for the one-cohort selection-retention decision with a probationary period},
  author={De Corte, W.},
  journal={Journal of Applied Psychology},
  volume={79},
  number={3},
  pages={402--411},
  year={1994},
  publisher={American Psychological Association}
}

@article{de_corte_2011,
  title={Designing pareto-optimal selection systems: Formalizing the decisions required for selection system development},
  author={De Corte, W.},
  journal={Organizational Research Methods},
  volume={14},
  number={2},
  pages={232--261},
  year={2011},
  publisher={Sage Publications}
}

@article{de_corte_2022,
  title={A comprehensive examination of the cross-validity of pareto-optimal versus fixed-weight selection systems},
  author={De Corte, W.},
  journal={International Journal of Selection and Assessment},
  volume={30},
  number={2},
  pages={1--15},
  year={2022},
  publisher={Wiley}
} 