@article{sturman2000,
  title={Implications of utility analysis adjustments for estimates of human resource intervention value},
  author={Sturman, Michael C.},
  journal={Journal of Management},
  volume={26},
  number={2},
  pages={281--299},
  year={2000},
  doi={10.1177/014920630002600206}
}

@article{boudreau1983,
  title={Economic considerations in estimating the utility of human resource productivity improvement programs},
  author={Boudreau, John W.},
  journal={Personnel Psychology},
  volume={36},
  number={3},
  pages={551--576},
  year={1983},
  doi={10.1111/j.1744-6570.1983.tb02236.x}
}

@article{darlington1968,
  title={Multiple regression in psychological research and practice},
  author={Darlington, Richard B.},
  journal={Psychological Bulletin},
  volume={69},
  number={3},
  pages={161--182},
  year={1968},
  doi={10.1037/h0025471}
}

@article{sturman2003,
  title={Is it worth it to win the talent war? Evaluating the utility of performance-based pay},
  author={Sturman, Michael C. and Trevor, Charlie O. and Boudreau, John W. and Gerhart, Barry},
  journal={Personnel Psychology},
  volume={56},
  number={4},
  pages={997--1035},
  year={2003},
  doi={10.1111/j.1744-6570.2003.tb00147.x}
}

@article{boudreau1985,
  title={Decision-theoretic utility analysis applied to employee separations and acquisitions},
  author={Boudreau, John W. and Berger, Chris J.},
  journal={Journal of Applied Psychology},
  volume={70},
  number={4},
  pages={581--612},
  year={1985},
  doi={10.1037/0021-9010.70.4.581}
}

@article{trevor1997,
  title={Voluntary turnover and job performance: Curvilinearity and the moderating influences of salary growth and promotions},
  author={Trevor, Charlie O. and Gerhart, Barry and Boudreau, John W.},
  journal={Journal of Applied Psychology},
  volume={82},
  number={1},
  pages={44--61},
  year={1997},
  doi={10.1037/0021-9010.82.1.44}
}

@article{schmidt1983,
  title={Individual differences in productivity: An empirical test of estimates derived from studies of selection procedure utility},
  author={Schmidt, Frank L. and Hunter, John E.},
  journal={Journal of Applied Psychology},
  volume={68},
  number={3},
  pages={407--414},
  year={1983},
  doi={10.1037/0021-9010.68.3.407}
}

@article{sturman2001,
  title={The implications of linking the dynamic performance and employee turnover literatures},
  author={Sturman, Michael C. and Trevor, Charlie O.},
  journal={Journal of Applied Psychology},
  volume={86},
  number={4},
  pages={684--696},
  year={2001},
  doi={10.1037/0021-9010.86.4.684}
}

@article{fisher2021,
  title={Selection myths: A conceptual replication of HR professionals' beliefs about effective human resource practices in the United States and Canada},
  author={Fisher, P. A. and Risavy, S. D. and Robie, C. and König, C. J. and Christiansen, N. D. and Tett, R. P. and Simonet, D. V.},
  journal={The Journal of Personnel Psychology},
  volume={20},
  number={2},
  pages={51--60},
  year={2021},
  doi={10.1027/1866-5888/a000263}
}

@article{highhouse2008,
  title={Stubborn reliance on intuition and subjectivity in employee selection},
  author={Highhouse, S.},
  journal={Industrial and Organizational Psychology},
  volume={1},
  number={3},
  pages={333--342},
  year={2008},
  doi={10.1111/j.1754-9434.2008.00058.x}
}

@article{rynes2002,
  title={HR Professionals' beliefs about effective human resource practices: Correspondence between research and practice},
  author={Rynes, S. L. and Colbert, A. E. and Brown, K. G.},
  journal={Human Resource Management},
  volume={41},
  number={2},
  pages={149--174},
  year={2002},
  doi={10.1002/hrm.10029}
}

@article{rynes2012,
  title={The research-practice gap in I/O psychology and related fields: Challenges and potential solutions},
  author={Rynes, S. L.},
  journal={The Oxford Handbook of Organizational Psychology, Vol. 1},
  pages={409--452},
  year={2012},
  doi={10.1093/oxfordhb/9780199928309.001.0001}
}

@article{rynes2018,
  title={When the "Best Available Evidence" Doesn't Win: How Doubts About Science and Scientists Threaten the Future of Evidence-Based Management},
  author={Rynes, S. L. and Colbert, A. E. and O'Boyle, E. H.},
  journal={Journal of Management},
  volume={44},
  number={8},
  pages={2995--3010},
  year={2018},
  doi={10.1177/0149206318796934}
}

@article{pfeffer2002,
  title={The end of business schools? Less success than meets the eye},
  author={Pfeffer, J. and Fong, C. T.},
  journal={Academy of Management Learning & Education},
  volume={1},
  number={1},
  pages={78--95},
  year={2002},
  doi={10.5465/amle.2002.7373679}
}

@article{gotz2023,
  title={Cobblers, let's stick to our lasts! A song of sorrow (and of hope) about the state of personnel and human resource management science},
  author={Götz, M. and O'Boyle, E. H.},
  journal={Research in Personnel and Human Resources Management},
  pages={7--92},
  year={2023},
  doi={10.1108/S0742-730120230000041004}
}

@article{russell2022,
  title={Scholarly course corrections needed to advance organizational science: Field tests of theory-based deductions are long overdue},
  author={Russell, C.},
  journal={Data, Methods and Theory in the Organizational Sciences: A New Synthesis},
  pages={241--265},
  year={2022},
  doi={10.4324/9781003015000}
}

@book{cascio2019,
  title={Investing in people: financial impact of human resource initiatives},
  author={Cascio, W. F. and Boudreau, J. W. and Fink, A. A.},
  edition={3rd},
  publisher={Society for Human Resource Management},
  year={2019}
}

@article{avolio2010,
  title={Estimating return on leadership development investment},
  author={Avolio, B. J. and Avey, J. B. and Quisenberry, D.},
  journal={The Leadership Quarterly},
  volume={21},
  number={4},
  pages={633--644},
  year={2010},
  doi={10.1016/j.leaqua.2010.06.006}
}

@article{schmidt2012,
  title={The economic value of goal setting to employers},
  author={Schmidt, F. L.},
  journal={New developments in goal setting and task performance},
  pages={16--20},
  year={2012},
  doi={10.4324/9780203082744}
}

@article{oprea2019,
  title={Effectiveness of job crafting interventions: A meta-analysis and utility analysis},
  author={Oprea, B. T. and Barzin, L. and Vîrgă, D. and Iliescu, D. and Rusu, A.},
  journal={European Journal of Work and Organizational Psychology},
  volume={28},
  number={6},
  pages={723--741},
  year={2019},
  doi={10.1080/1359432X.2019.1646728}
}

@article{decorte2011,
  title={Designing pareto-optimal selection systems: Formalizing the decisions required for selection system development},
  author={De Corte, W. and Sackett, P. R. and Lievens, F.},
  journal={Journal of Applied Psychology},
  volume={96},
  number={5},
  pages={907--926},
  year={2011},
  doi={10.1037/a0023298}
}

@article{boudreau1988,
  title={Utility Analysis for Decisions in Human Resource Management},
  author={Boudreau, J. W.},
  journal={CAHRS Working Paper #88-21},
  publisher={Cornell University, School of Industrial and Labor Relations, Center for Advanced Human Resource Studies},
  year={1988}
}

@article{latham1994,
  title={The futility of utility analysis},
  author={Latham, G. P. and Whyte, G.},
  journal={Personnel Psychology},
  volume={47},
  number={1},
  pages={31--46},
  year={1994},
  doi={10.1111/j.1744-6570.1994.tb02408.x}
}

@article{whyte1997,
  title={The futility of utility analysis revisited: When even an expert fails},
  author={Whyte, G. and Latham, G.},
  journal={Personnel Psychology},
  volume={50},
  number={3},
  pages={601--610},
  year={1997},
  doi={10.1111/j.1744-6570.1997.tb00705.x}
}

@article{vaniddekinge2023,
  title={Personnel selection: A review of ways to maximize validity, diversity, and the applicant experience},
  author={Van Iddekinge, C. H. and Lievens, F. and Sackett, P. R.},
  journal={Personnel Psychology},
  volume={76},
  pages={651--686},
  year={2023},
  doi={10.1111/peps.12578}
}

@article{cronshaw1997,
  title={Lo! The stimulus speaks: The insider's view on Whyte and Latham's "The futility of utility analysis"},
  author={Cronshaw, S. F.},
  journal={Personnel Psychology},
  volume={50},
  pages={611--615},
  year={1997},
  doi={10.1111/j.1744-6570.1997.tb00706.x}
}

@article{carson1998,
  title={Is utility really futile? A failure to replicate and an extension},
  author={Carson, K. P. and Becker, J. S. and Henderson, J. A.},
  journal={Journal of Applied Psychology},
  volume={83},
  number={1},
  pages={84--96},
  year={1998},
  doi={10.1037/0021-9010.83.1.84}
}

@article{macan2004,
  title={Managers' reactions to utility analysis and perceptions of what influences their decisions},
  author={Macan, T. H. and Foster, J.},
  journal={Journal of Business and Psychology},
  volume={19},
  number={2},
  pages={241--253},
  year={2004},
  doi={10.1007/s10869-004-0550-x}
}

@article{brooks2014,
  title={Are common language effect sizes easier to understand than traditional effect sizes?},
  author={Brooks, M. E. and Dalal, D. K. and Nolan, K. P.},
  journal={Journal of Applied Psychology},
  volume={99},
  number={2},
  pages={332--340},
  year={2014},
  doi={10.1037/a0034745}
}

@article{cucina2017,
  title={Communicating criterion-related validity using expectancy charts: A new approach},
  author={Cucina, J. and Berger, J. and Busciglio, H.},
  journal={Personnel Assessment and Decisions},
  volume={3},
  number={1},
  year={2017},
  doi={10.25035/pad.2017.001}
}

@article{hazer1997,
  title={Factors influencing managers' reactions to utility analysis: Effects of SDy method, information frame, and focal intervention},
  author={Hazer, J. T. and Highhouse, S.},
  journal={Journal of Applied Psychology},
  volume={82},
  number={1},
  pages={104--112},
  year={1997},
  doi={10.1037/0021-9010.82.1.104}
}

@article{alexander2019,
  title={Investing in People Online},
  author={Alexander III, L. and Mulfinger, E. and Oswald, F. L.},
  journal={Software},
  publisher={Rice University},
  address={Houston, Texas},
  year={2019}
}

@article{magnusson2023,
  title={A causal inference perspective on therapist effects},
  author={Magnusson, K.},
  journal={Preprint},
  year={2023},
  doi={10.31234/osf.io/f7mvz}
}

@article{winkler2010,
  title={Single-attribute utility analysis may be futile, but this can't be the end of the story: Causal chain analysis as an alternative},
  author={Winkler, S. and König, C. J. and Kleinmann, M.},
  journal={Personnel Psychology},
  volume={63},
  number={4},
  pages={1041--1065},
  year={2010},
  doi={10.1111/j.1744-6570.2010.01197.x}
}

@article{rupp2020,
  title={Addressing the so-called validity--diversity trade-off: Exploring the practicalities and legal defensibility of Pareto-optimization for reducing adverse impact within personnel selection},
  author={Rupp, D. and Song, Q. C. and Strah, N.},
  journal={Industrial and Organizational Psychology},
  volume={13},
  number={2},
  pages={246--271},
  year={2020},
  doi={10.1017/iop.2020.19}
}

@article{connelly2023,
  title={The presenter's paradox: More is not always better},
  author={Connelly, B. L. and Ketchen, D. J. and Zhou, Y. S.},
  journal={Journal of Management},
  volume={49},
  number={7},
  pages={2208--2217},
  year={2023},
  doi={10.1177/01492063231155982}
}

@Manual{R-base,
  title = {R: A Language and Environment for Statistical Computing},
  author = {{R Core Team}},
  organization = {R Foundation for Statistical Computing},
  address = {Vienna, Austria},
  year = {2024},
  url = {https://www.R-project.org/},
}
@Manual{R-papaja,
  title = {{papaja}: {Prepare} reproducible {APA} journal articles with {R Markdown}},
  author = {Frederik Aust and Marius Barth},
  year = {2024},
  note = {R package version 0.1.3},
  url = {https://github.com/crsh/papaja},
  doi = {10.32614/CRAN.package.papaja},
}
@Manual{R-tinylabels,
  title = {{tinylabels}: Lightweight variable labels},
  author = {Marius Barth},
  year = {2025},
  note = {R package version 0.2.5},
  url = {https://cran.r-project.org/package=tinylabels},
  doi = {10.32614/CRAN.package.tinylabels},
}

@article{fisher2021,
  title={Selection myths: A conceptual replication of HR professionals' beliefs about effective human resource practices in the United States and Canada},
  author={Fisher, P. A. and Risavy, S. D. and Robie, C. and König, C. J. and Christiansen, N. D. and Tett, R. P. and Simonet, D. V.},
  journal={The Journal of Personnel Psychology},
  volume={20},
  number={2},
  pages={51--60},
  year={2021},
  doi={10.1027/1866-5888/a000263}
}

@article{highhouse2008,
  title={Stubborn reliance on intuition and subjectivity in employee selection},
  author={Highhouse, S.},
  journal={Industrial and Organizational Psychology},
  volume={1},
  number={3},
  pages={333--342},
  year={2008},
  doi={10.1111/j.1754-9434.2008.00058.x}
}

@article{rynes2002,
  title={HR Professionals' beliefs about effective human resource practices: Correspondence between research and practice},
  author={Rynes, S. L. and Colbert, A. E. and Brown, K. G.},
  journal={Human Resource Management},
  volume={41},
  number={2},
  pages={149--174},
  year={2002},
  doi={10.1002/hrm.10029}
}

@book{cascio2019,
  title={Investing in people: financial impact of human resource initiatives},
  author={Cascio, W. F. and Boudreau, J. W. and Fink, A. A.},
  edition={3rd},
  publisher={Society for Human Resource Management},
  year={2019}
}

@article{avolio2010,
  title={Estimating return on leadership development investment},
  author={Avolio, B. J. and Avey, J. B. and Quisenberry, D.},
  journal={The Leadership Quarterly},
  volume={21},
  number={4},
  pages={633--644},
  year={2010},
  doi={10.1016/j.leaqua.2010.06.006}
}

@article{schmidt2012,
  title={The economic value of goal setting to employers},
  author={Schmidt, F. L.},
  journal={New developments in goal setting and task performance},
  pages={16--20},
  year={2012},
  doi={10.4324/9780203082744}
}

@article{latham1994,
  title={The futility of utility analysis},
  author={Latham, G. P. and Whyte, G.},
  journal={Personnel Psychology},
  volume={47},
  number={1},
  pages={31--46},
  year={1994},
  doi={10.1111/j.1744-6570.1994.tb02408.x}
}

@article{carson1998,
  title={Is utility really futile? A failure to replicate and an extension},
  author={Carson, K. P. and Becker, J. S. and Henderson, J. A.},
  journal={Journal of Applied Psychology},
  volume={83},
  number={1},
  pages={84--96},
  year={1998},
  doi={10.1037/0021-9010.83.1.84}
}
