@article{fisher2020,
  title = {Building the “Business Case” for Hiring People with Disabilities: A Financial Cost-Benefit Analysis Methodology and Example},
  author = {Fisher, S. and Connelly, C. E.},
  year = {2020},
  journal = {Canadian Journal of Disability Studies},
  volume = {9},
  number = {4},
  pages = {71--88},
  doi = {10.15353/cjds.v9i4.669}
} 