@article{fisher2017,
  title = {Lower Cost or Just Lower Value? Modeling the Organizational Costs and Benefits of Contingent Work},
  author = {Fisher, S. L. and Connelly, C. E.},
  year = {2017},
  journal = {Academy of Management Discoveries},
  volume = {3},
  number = {2},
  pages = {165--186},
  doi = {10.5465/amd.2015.0119}
} 